@article{Reck1994,
  title = {Experimental realization of any discrete unitary operator},
  author = {Reck, Michael and Zeilinger, Anton and Bernstein, Herbert J. and Bertani, Philip},
  journal = {Phys. Rev. Lett.},
  volume = {73},
  issue = {1},
  pages = {58--61},
  numpages = {0},
  year = {1994},
  month = {Jul},
  publisher = {American Physical Society},
  doi = {10.1103/PhysRevLett.73.58},
  url = {https://link.aps.org/doi/10.1103/PhysRevLett.73.58}
}

@article{Clements:16,
author = {William R. Clements and Peter C. Humphreys and Benjamin J. Metcalf and W. Steven Kolthammer and Ian A. Walmsley},
journal = {Optica},
keywords = {Integrated optics; Integrated optics devices; Quantum optics; Beam splitters; Matrix methods; Microwave photonics; Optical directional couplers; Optical signal processing devices; Phase shift},
number = {12},
pages = {1460--1465},
publisher = {Optica Publishing Group},
title = {Optimal design for universal multiport interferometers},
volume = {3},
month = {Dec},
year = {2016},
url = {https://opg.optica.org/optica/abstract.cfm?URI=optica-3-12-1460},
doi = {10.1364/OPTICA.3.001460},
}
@misc{cilluffo2024,
      title={Commentary on the decomposition of universal multiport interferometers: how it works in practice}, 
      author={Dario Cilluffo},
      year={2024},
      eprint={2412.11955},
      archivePrefix={arXiv},
      primaryClass={quant-ph},
      url={https://arxiv.org/abs/2412.11955}, 
}

@article{Esslinger_2010,
   title={Fermi-Hubbard Physics with Atoms in an Optical Lattice},
   volume={1},
   ISSN={1947-5462},
   url={http://dx.doi.org/10.1146/annurev-conmatphys-070909-104059},
   DOI={10.1146/annurev-conmatphys-070909-104059},
   number={1},
   journal={Annual Review of Condensed Matter Physics},
   publisher={Annual Reviews},
   author={Esslinger, Tilman},
   year={2010},
   month=aug, pages={129–152} }

@phdthesis{MZIpicture,
author = {Kajtoch, Dariusz},
year = {2015},
month = {06},
pages = {},
title = {Novel schemes for generation of strongly squeezed atomic states}
}

@book{hubbardmielke,
    author = {Eva Pavarini, Erik Koch, and Piers Coleman (Eds.)},
    title = {Many-Body Physics: From Kondo to Hubbard},
    publisher = {Forschungszentrum Jülich GmbH, Institute for Advanced Simulation},
    year = {2015}
}
@article{Fiddef,
author = {Richard Jozsa and},
title = {Fidelity for Mixed Quantum States},
journal = {Journal of Modern Optics},
volume = {41},
number = {12},
pages = {2315--2323},
year = {1994},
publisher = {Taylor \& Francis},
doi = {10.1080/09500349414552171},
URL = { https://doi.org/10.1080/09500349414552171},
eprint = {https://doi.org/10.1080/09500349414552171}
}

@article{Feynman,
    author = {R. P. Feynman},
    title = {Simulating physics with computers},
    journal = {International Journal of Theoretical Physics},
    volume = {21(6)},
    year = {1982},
    pages = {467-488}
    doi = {10.1007/BF02650179},
    URL = {https://doi.org/10.1007/BF02650179}
}

@inbook{Fraxanet_2023,
   title={The Coming Decades of Quantum Simulation},
   ISBN={9783031324697},
   ISSN={1616-6361},
   url={http://dx.doi.org/10.1007/978-3-031-32469-7_4},
   DOI={10.1007/978-3-031-32469-7_4},
   booktitle={Sketches of Physics},
   publisher={Springer International Publishing},
   author={Fraxanet, Joana and Salamon, Tymoteusz and Lewenstein, Maciej},
   year={2023},
   pages={85–-125} 
}

@article{qstext,
  title = {Quantum simulation},
  author = {Georgescu, I. M. and Ashhab, S. and Nori, Franco},
  journal = {Rev. Mod. Phys.},
  volume = {86},
  issue = {1},
  pages = {153--185},
  numpages = {33},
  year = {2014},
  month = {Mar},
  publisher = {American Physical Society},
  doi = {10.1103/RevModPhys.86.153},
  url = {https://link.aps.org/doi/10.1103/RevModPhys.86.153}
}

@article{Bloch2012,
    author = {Bloch, Immanuel and Dalibard, Jean and Nascimbène, Sylvain},
    title = {Quantum simulations with ultracold quantum gases},
    journal = {Nature Physics},
    year = {2012},
    volume = {8},
    number = {4},
    pages = {267--276},
    doi = {10.1038/nphys2259},
    url = {https://doi.org/10.1038/nphys2259}
}
@article{Carolan_2015,
   title={Universal linear optics},
   volume={349},
   ISSN={1095-9203},
   url={http://dx.doi.org/10.1126/science.aab3642},
   DOI={10.1126/science.aab3642},
   number={6249},
   journal={Science},
   publisher={American Association for the Advancement of Science (AAAS)},
   author={Carolan, Jacques and et. al.},
   year={2015},
   month=aug, pages={711–716} }

@article{quantumwalk,
	date = {2017/07/01},
	date-added = {2025-05-26 14:10:51 +0200},
	date-modified = {2025-05-26 14:11:30 +0200},
	doi = {10.1038/nphoton.2017.95},
	id = {Harris2017},
	isbn = {1749-4893},
	journal = {Nature Photonics},
	number = {7},
	pages = {447--452},
	read = {1},
	title = {Quantum transport simulations in a programmable nanophotonic processor},
	url = {https://doi.org/10.1038/nphoton.2017.95},
	volume = {11},
	year = {2017},
	bdsk-url-1 = {https://doi.org/10.1038/nphoton.2017.95}}

@article{greiner2002quantum,
  title={Quantum phase transition from a superfluid to a Mott insulator in a gas of ultracold atoms},
  author={Greiner, Markus and Mandel, Olaf and Esslinger, Tilman and H{\"a}nsch, Theodor W and Bloch, Immanuel},
  journal={nature},
  volume={415},
  number={6867},
  pages={39--44},
  year={2002},
  publisher={Nature Publishing Group UK London}
}

@article{baez2020dynamical,
  title={Dynamical structure factors of dynamical quantum simulators},
  author={Baez, Maria Laura and Goihl, Marcel and Haferkamp, Jonas and Bermejo-Vega, Juani and Gluza, Marek and Eisert, Jens},
  journal={Proceedings of the National Academy of Sciences},
  volume={117},
  number={42},
  pages={26123--26134},
  year={2020},
  publisher={National Academy of Sciences}
}

@article{halimeh2024universal,
  title={A universal framework for the quantum simulation of Yang-Mills theory},
  author={Halimeh, Jad C and Hanada, Masanori and Matsuura, Shunji and Nori, Franco and Rinaldi, Enrico and Sch{\"a}fer, Andreas},
  journal={arXiv preprint arXiv:2411.13161},
  year={2024}
}
@article{tasca2006violation,
  title={Violation of Bell’s Inequality with Transverse Spatial Variables Using Fractional Fourier Transform},
  author={Tasca, DS and Almeida, MP and Walborn, SP and Ribeiro, PH Souto and Pellat-Finet, P and Monken, CH},
  journal={mirror},
  volume={2},
  pages={f2},
  year={2006}
}

@article{pichler2013thermal,
  title={Thermal versus entanglement entropy: a measurement protocol for fermionic atoms with a quantum gas microscope},
  author={Pichler, Hannes and Bonnes, Lars and Daley, Andrew J and L{\"a}uchli, Andreas M and Zoller, Peter},
  journal={New Journal of Physics},
  volume={15},
  number={6},
  pages={063003},
  year={2013},
  publisher={IOP Publishing}
}
@article{tensorunfold,
author = {Kolda, Tamara G. and Bader, Brett W.},
title = {Tensor Decompositions and Applications},
journal = {SIAM Review},
volume = {51},
number = {3},
pages = {455-500},
year = {2009},
doi = {10.1137/07070111X},

URL = {https://doi.org/10.1137/07070111X},
}
@article{impertro2024local,
  title={Local readout and control of current and kinetic energy operators in optical lattices},
  author={Impertro, Alexander and Karch, Simon and Wienand, Julian F and Huh, SeungJung and Schweizer, Christian and Bloch, Immanuel and Aidelsburger, Monika},
  journal={Physical Review Letters},
  volume={133},
  number={6},
  pages={063401},
  year={2024},
  publisher={APS}
}