@article{Park:18,
author = {Seung Beom Park and Kyungseung Kim and Wosik Cho and Sung In Hwang and Igor Ivanov and Chang Hee Nam and Kyung Taec Kim},
journal = {Optica},
keywords = {Optoelectronics; Ionization; Ultrafast optics; Attosecond pulses; Barium borate; Light matter interactions; Nonlinear optical crystals; Phase modulation; Ti:sapphire lasers},
number = {4},
pages = {402--408},
publisher = {Optica Publishing Group},
title = {Direct sampling of a light wave in air},
volume = {5},
month = {Apr},
year = {2018},
url = {https://opg.optica.org/optica/abstract.cfm?URI=optica-5-4-402},
doi = {10.1364/OPTICA.5.000402},
}

@article{Ivanov20012005,
author = {Misha Yu Ivanov and Michael Spanner and Olga Smirnova and},
title = {Anatomy of strong field ionization},
journal = {Journal of Modern Optics},
volume = {52},
number = {2-3},
pages = {165--184},
year = {2005},
publisher = {Taylor \& Francis},
doi = {10.1080/0950034042000275360},
URL = {https://doi.org/10.1080/0950034042000275360},
eprint = {https://doi.org/10.1080/0950034042000275360}
}